@misc{OKSV,
	author="J. Ottem and K. Ranestad and B. Sturmfels and C. Vinzant",
	title="Quartic Spectrahedra",
	howpublished="\url{http://arxiv.org/abs/1311.3675}"
}

@misc{NRS,
	author="J. Nie and K. Ranestad and B. Sturmfels",
	title="The Algebraic Degree of Semidefinite Programming",
	howpublished="\url{http://arxiv.org/abs/math/0611562}"
}

@article{AB,
	author="D. Amelunxen and P. B{\"u}rgisser",
	title="Intrinsic volumes of symmetric cones and applications in convex programming",
	journal="Mathematical Programming",
	year="2014"
}
